<record><leader>00000cas a2200000 a 4500</leader><controlfield tag="001">34540346</controlfield><controlfield tag="007">hd afu---bact</controlfield><controlfield tag="007">hd bfu---baat</controlfield><controlfield tag="008">960410d19431979nbuwr nea     0   b0ger d</controlfield><datafield ind1=" " ind2=" " tag="010"><subfield code="a">sn 96080239 </subfield></datafield><datafield ind1=" " ind2=" " tag="040"><subfield code="a">NVG</subfield><subfield code="b">eng</subfield><subfield code="c">NVG</subfield><subfield code="d">OCL</subfield><subfield code="d">OCLCQ</subfield><subfield code="d">OCLCF</subfield><subfield code="d">OCLCO</subfield></datafield><datafield ind1="1" ind2=" " tag="029"><subfield code="a">AU@</subfield><subfield code="b">000012367225</subfield></datafield><datafield ind1=" " ind2=" " tag="042"><subfield code="a">msc</subfield></datafield><datafield ind1=" " ind2=" " tag="043"><subfield code="a">n-us-nb</subfield><subfield code="a">n-us-mn</subfield></datafield><datafield ind1="0" ind2=" " tag="130"><subfield code="a">Sonntagspost (Winona, Minn.)</subfield></datafield><datafield ind1="1" ind2="0" tag="245"><subfield code="a">Sonntagspost</subfield><subfield code="h">[microform].</subfield></datafield><datafield ind1="1" ind2="3" tag="246"><subfield code="a">Deutsche Sonntagspost</subfield><subfield code="f">18. Apr. 1943</subfield></datafield><datafield ind1=" " ind2=" " tag="250"><subfield code="a">Sunday ed.</subfield></datafield><datafield ind1=" " ind2=" " tag="260"><subfield code="a">Winona, Minn. :</subfield><subfield code="b">National Weeklies,</subfield><subfield code="c">1943-1979.</subfield></datafield><datafield ind1=" " ind2=" " tag="300"><subfield code="a">v.</subfield></datafield><datafield ind1=" " ind2=" " tag="310"><subfield code="a">Weekly</subfield></datafield><datafield ind1="0" ind2=" " tag="362"><subfield code="a">Jahrg. 70, Nr. 3 (18. Apr. 1943)-101 v., issue 48 (1. Apr. 1979).</subfield></datafield><datafield ind1=" " ind2=" " tag="500"><subfield code="a">Published in Omaha, Neb., 7. Juni 1964-1979.</subfield></datafield><datafield ind1=" " ind2=" " tag="546"><subfield code="a">In German.</subfield></datafield><datafield ind1=" " ind2=" " tag="580"><subfield code="a">Sunday ed. of: America-Herold und Lincoln freie Presse, 1943-17. Sept. 1958, and: America-Herold, Lincoln freie Presse, und Heimatbote, 24. Sept. 1958-3. Juni 1964, and: America-Herold (Omaha, Neb.), 10. Juni 1964-1979.</subfield></datafield><datafield ind1=" " ind2=" " tag="580"><subfield code="a">Merged with: America-Herold (Omaha, Neb.), to form: America-Herold und Sonntagspost.</subfield></datafield><datafield ind1=" " ind2=" " tag="533"><subfield code="a">Microfilm.</subfield><subfield code="m">1975-1979.</subfield><subfield code="b">Lincoln, Neb. :</subfield><subfield code="c">Nebraska State Historical Society,</subfield><subfield code="d">1979.</subfield><subfield code="e">2 microfilm reels ; 35 mm.</subfield></datafield><datafield ind1=" " ind2="0" tag="650"><subfield code="a">Germans</subfield><subfield code="z">United States</subfield><subfield code="v">Newspapers.</subfield></datafield><datafield ind1=" " ind2="0" tag="650"><subfield code="a">German Americans</subfield><subfield code="v">Newspapers.</subfield></datafield><datafield ind1=" " ind2="0" tag="650"><subfield code="a">German American newspapers.</subfield></datafield><datafield ind1=" " ind2="0" tag="651"><subfield code="a">Winona (Minn.)</subfield><subfield code="v">Newspapers.</subfield></datafield><datafield ind1=" " ind2="0" tag="651"><subfield code="a">Omaha (Neb.)</subfield><subfield code="v">Newspapers.</subfield></datafield><datafield ind1=" " ind2="7" tag="655"><subfield code="a">Newspapers.</subfield><subfield code="2">fast</subfield><subfield code="0">(OCoLC)fst01423814</subfield></datafield><datafield ind1=" " ind2="7" tag="650"><subfield code="a">German American newspapers.</subfield><subfield code="2">fast</subfield><subfield code="0">(OCoLC)fst00941297</subfield></datafield><datafield ind1=" " ind2="7" tag="650"><subfield code="a">German Americans.</subfield><subfield code="2">fast</subfield><subfield code="0">(OCoLC)fst00941308</subfield></datafield><datafield ind1=" " ind2="7" tag="650"><subfield code="a">Germans.</subfield><subfield code="2">fast</subfield><subfield code="0">(OCoLC)fst00942100</subfield></datafield><datafield ind1=" " ind2="7" tag="651"><subfield code="a">Minnesota</subfield><subfield code="z">Winona.</subfield><subfield code="2">fast</subfield><subfield code="0">(OCoLC)fst01202921</subfield></datafield><datafield ind1=" " ind2="7" tag="651"><subfield code="a">Nebraska</subfield><subfield code="z">Omaha.</subfield><subfield code="2">fast</subfield><subfield code="0">(OCoLC)fst01204995</subfield></datafield><datafield ind1=" " ind2="7" tag="651"><subfield code="a">United States.</subfield><subfield code="2">fast</subfield><subfield code="0">(OCoLC)fst01204155</subfield></datafield><datafield ind1=" " ind2=" " tag="752"><subfield code="a">United States</subfield><subfield code="b">Nebraska</subfield><subfield code="c">Douglas</subfield><subfield code="d">Omaha.</subfield></datafield><datafield ind1=" " ind2=" " tag="752"><subfield code="a">United States</subfield><subfield code="b">Minnesota</subfield><subfield code="c">Winona</subfield><subfield code="d">Winona.</subfield></datafield><datafield ind1="1" ind2=" " tag="775"><subfield code="t">America-Herold und Lincoln freie Presse</subfield></datafield><datafield ind1="1" ind2=" " tag="775"><subfield code="t">America-Herold, Lincoln freie Presse, und Heimatbote</subfield></datafield><datafield ind1="1" ind2=" " tag="775"><subfield code="t">America-Herold (Omaha, Neb.)</subfield><subfield code="w">(DLC)sn 95070212</subfield></datafield><datafield ind1="1" ind2=" " tag="776"><subfield code="c">Original</subfield><subfield code="w">(DLC)sn 83025335</subfield></datafield><datafield ind1="0" ind2="0" tag="780"><subfield code="t">Deutsche Sonntagspost</subfield></datafield><datafield ind1="1" ind2="7" tag="785"><subfield code="t">America-Herold (Omaha, Neb.)</subfield><subfield code="w">(DLC)sn 95070212</subfield></datafield><datafield ind1="1" ind2="7" tag="785"><subfield code="t">America-Herold und Sonntagspost</subfield><subfield code="w">(DLC)sn 95070213</subfield></datafield></record>